

@inproceedings{einstein1909,
	author    = {Albert Einstein},
	title     = {Über die Entwicklung unserer Anschauungen über das Wesen und die Konstitution der Strahlung},
	booktitle = {Verhandlungen der Deutschen Physikalischen Gesellschaft},
	year      = {1909},
	volume    = {11},
	pages     = {482--500}
}
@book{bohr1933,
	author    = {Niels Bohr},
	title     = {Atomic Theory and the Description of Nature},
	publisher = {Cambridge University Press},
	year      = {1934},
	note      = {Original lectures from 1933}
}
@book{feynman1965,
	author    = {Richard P. Feynman and Robert B. Leighton and Matthew Sands},
	title     = {The Feynman Lectures on Physics, Vol. 3: Quantum Mechanics},
	year      = {1965},
	publisher = {Addison-Wesley}
}
@book{heisenberg1959,
	author    = {Werner Heisenberg},
	title     = {Physik und Philosophie: Der Teil und das Ganze},
	year      = {1959},
	publisher = {S. Fischer Verlag},
	address   = {Frankfurt am Main},
	note      = {Kapitel 3: Die quantentheoretische Wirklichkeit}
}

@incollection{bohr1963,
	author    = {Aage Bohr},
	title     = {Niels Bohr},
	booktitle = {Niels Bohr: His Life and Work as Seen by His Friends and Colleagues},
	editor    = {S. Rozental},
	publisher = {North-Holland Publishing Company},
	address   = {Amsterdam},
	year      = {1967},
	pages     = {201--222},
	note      = {Zitat von Niels Bohr, sinngemäß überliefert}
}

@book{zeilinger2005,
	author    = {Anton Zeilinger},
	title     = {Einsteins Schleier: Die neue Welt der Quantenphysik},
	year      = {2005},
	publisher = {Deutscher Taschenbuch Verlag},
	address   = {München},
	edition   = {3},
	isbn      = {978-3-423-34185-0}
}
@book{newton_opticks,
	author    = {Isaac Newton},
	title     = {Opticks: Or, a Treatise of the Reflections, Refractions, Inflections and Colours of Light},
	year      = {1704},
	publisher = {Royal Society},
	note      = {Query 29}
}
@book{huygens_light,
	author    = {Christiaan Huygens},
	title     = {Traité de la lumière},
	year      = {1690},
	publisher = {Pierre van der Aa},
	address   = {Leiden},
	note      = {Kapitel I}
}
@book{maxwell_treatise,
	author    = {James Clerk Maxwell},
	title     = {A Treatise on Electricity and Magnetism},
	year      = {1873},
	publisher = {Clarendon Press},
	address   = {Oxford},
	note      = {Vol. 2, Art. 781}
}
@article{einstein_lichtquanten,
	author  = {Albert Einstein},
	title   = {Über einen die Erzeugung und Verwandlung des Lichtes betreffenden heuristischen Gesichtspunkt},
	journal = {Annalen der Physik},
	volume  = {17},
	year    = {1905},
	pages   = {132--148}
}
@article{millikan_1916,
	author  = {Robert A. Millikan},
	title   = {A Direct Photoelectric Determination of Planck’s “h”},
	journal = {Physical Review},
	volume  = {7},
	year    = {1916},
	pages   = {355--388}
}
@book{Hoffmann2008,
	author    = {Dieter Hoffmann},
	title     = {Max Planck. Die Entstehung der modernen Physik},
	year      = {2008},
	publisher = {C. H. Beck},
	address   = {München},
	pages     = {49--51}
}
@incollection{Planck1948,
	author    = {Max Planck},
	title     = {Wissenschaftliche Selbstbiographie},
	booktitle = {Physikalische Rundschau},
	year      = {1948},
	pages     = {19--23},
	note      = {Zitiert nach der Ausgabe in: Max Planck, \emph{Wissenschaftliche Selbstbiographie}, Leipzig: Johann Ambrosius Barth 1948}
}
@book{Hoffmann2008,
	author    = {Dieter Hoffmann},
	title     = {Max Planck: Die Entstehung der modernen Physik},
	year      = {2008},
	publisher = {C.H. Beck},
	address   = {München},
	pages     = {49--51},
	isbn      = {978-3-406-56283-7}
}
@book{hoffmann2008,
	author    = {Dieter Hoffmann},
	title     = {Max Planck},
	year      = {2008},
	publisher = {C.H. Beck},
	address   = {München}
}

@article{einstein1905,
	author  = {Albert Einstein},
	title   = {Über einen die Erzeugung und Verwandlung des Lichtes betreffenden heuristischen Gesichtspunkt},
	journal = {Annalen der Physik},
	volume  = {17},
	pages   = {132--148},
	year    = {1905}
}
@book{planck1948,
	author    = {Max Planck},
	title     = {Wissenschaftliche Selbstbiographie},
	year      = {1948},
	publisher = {Philipp Reclam jun.},
	address   = {Leipzig}
}

@article{lenard1902,
	author    = {Philipp Lenard},
	title     = {Über die lichtelektrische Wirkung},
	journal   = {Annalen der Physik},
	volume    = {8},
	year      = {1902},
	pages     = {149--198},
	note      = {Folge 4},
}
@article{einstein1905,
	author  = {Albert Einstein},
	title   = {Über einen die Erzeugung und Verwandlung des Lichtes betreffenden heuristischen Gesichtspunkt},
	journal = {Annalen der Physik},
	volume  = {17},
	year    = {1905},
	pages   = {132--148}
}

@article{millikan1916,
	author  = {Robert A. Millikan},
	title   = {A Direct Photoelectric Determination of Planck’s “h”},
	journal = {Physical Review},
	volume  = {7},
	year    = {1916},
	pages   = {355--388}
}
